%YAML 1.1
%TAG !u! tag:unity3d.com,2011:
--- !u!29 &1
SceneSettings:
  m_ObjectHideFlags: 0
  m_PVSData: 
  m_PVSObjectsArray: []
  m_PVSPortalsArray: []
  m_OcclusionBakeSettings:
    smallestOccluder: 5
    smallestHole: .25
    backfaceThreshold: 100
--- !u!104 &2
RenderSettings:
  m_Fog: 0
  m_FogColor: {r: .5, g: .5, b: .5, a: 1}
  m_FogMode: 3
  m_FogDensity: .00999999978
  m_LinearFogStart: 0
  m_LinearFogEnd: 300
  m_AmbientLight: {r: .200000003, g: .200000003, b: .200000003, a: 1}
  m_SkyboxMaterial: {fileID: 0}
  m_HaloStrength: .5
  m_FlareStrength: 1
  m_FlareFadeSpeed: 3
  m_HaloTexture: {fileID: 0}
  m_SpotCookie: {fileID: 0}
  m_ObjectHideFlags: 0
--- !u!127 &3
LevelGameManager:
  m_ObjectHideFlags: 0
--- !u!157 &4
LightmapSettings:
  m_ObjectHideFlags: 0
  m_LightProbes: {fileID: 0}
  m_Lightmaps: []
  m_LightmapsMode: 1
  m_BakedColorSpace: 0
  m_UseDualLightmapsInForward: 0
  m_LightmapEditorSettings:
    m_Resolution: 50
    m_LastUsedResolution: 0
    m_TextureWidth: 1024
    m_TextureHeight: 1024
    m_BounceBoost: 1
    m_BounceIntensity: 1
    m_SkyLightColor: {r: .860000014, g: .930000007, b: 1, a: 1}
    m_SkyLightIntensity: 0
    m_Quality: 0
    m_Bounces: 1
    m_FinalGatherRays: 1000
    m_FinalGatherContrastThreshold: .0500000007
    m_FinalGatherGradientThreshold: 0
    m_FinalGatherInterpolationPoints: 15
    m_AOAmount: 0
    m_AOMaxDistance: .100000001
    m_AOContrast: 1
    m_LODSurfaceMappingDistance: 1
    m_Padding: 0
    m_TextureCompression: 0
    m_LockAtlas: 0
--- !u!196 &5
NavMeshSettings:
  m_ObjectHideFlags: 0
  m_BuildSettings:
    agentRadius: .5
    agentHeight: 2
    agentSlope: 45
    agentClimb: .400000006
    ledgeDropHeight: 0
    maxJumpAcrossDistance: 0
    accuratePlacement: 0
    minRegionArea: 2
    widthInaccuracy: 16.666666
    heightInaccuracy: 10
  m_NavMesh: {fileID: 0}
--- !u!1 &23806500
GameObject:
  m_ObjectHideFlags: 0
  m_PrefabParentObject: {fileID: 0}
  m_PrefabInternal: {fileID: 0}
  serializedVersion: 4
  m_Component:
  - 4: {fileID: 23806506}
  - 33: {fileID: 23806505}
  - 23: {fileID: 23806504}
  - 54: {fileID: 23806503}
  - 135: {fileID: 23806502}
  - 114: {fileID: 23806501}
  m_Layer: 0
  m_Name: Player
  m_TagString: Untagged
  m_Icon: {fileID: 0}
  m_NavMeshLayer: 0
  m_StaticEditorFlags: 0
  m_IsActive: 1
--- !u!114 &23806501
MonoBehaviour:
  m_ObjectHideFlags: 0
  m_PrefabParentObject: {fileID: 0}
  m_PrefabInternal: {fileID: 0}
  m_GameObject: {fileID: 23806500}
  m_Enabled: 1
  m_EditorHideFlags: 0
  m_Script: {fileID: 11500000, guid: d678b5172454a8d44892d7b8e95f32be, type: 3}
  m_Name: 
  m_EditorClassIdentifier: 
  speed: 500
  countText: {fileID: 796697687}
  winText: {fileID: 1453558367}
--- !u!135 &23806502
SphereCollider:
  m_ObjectHideFlags: 0
  m_PrefabParentObject: {fileID: 0}
  m_PrefabInternal: {fileID: 0}
  m_GameObject: {fileID: 23806500}
  m_Material: {fileID: 0}
  m_IsTrigger: 0
  m_Enabled: 1
  serializedVersion: 2
  m_Radius: .5
  m_Center: {x: 0, y: 0, z: 0}
--- !u!54 &23806503
Rigidbody:
  m_ObjectHideFlags: 0
  m_PrefabParentObject: {fileID: 0}
  m_PrefabInternal: {fileID: 0}
  m_GameObject: {fileID: 23806500}
  serializedVersion: 2
  m_Mass: 1
  m_Drag: 0
  m_AngularDrag: .0500000007
  m_UseGravity: 1
  m_IsKinematic: 0
  m_Interpolate: 0
  m_Constraints: 0
  m_CollisionDetection: 0
--- !u!23 &23806504
Renderer:
  m_ObjectHideFlags: 0
  m_PrefabParentObject: {fileID: 0}
  m_PrefabInternal: {fileID: 0}
  m_GameObject: {fileID: 23806500}
  m_Enabled: 1
  m_CastShadows: 1
  m_ReceiveShadows: 1
  m_LightmapIndex: 255
  m_LightmapTilingOffset: {x: 1, y: 1, z: 0, w: 0}
  m_Materials:
  - {fileID: 10302, guid: 0000000000000000f000000000000000, type: 0}
  m_SubsetIndices: 
  m_StaticBatchRoot: {fileID: 0}
  m_UseLightProbes: 0
  m_LightProbeAnchor: {fileID: 0}
  m_ScaleInLightmap: 1
  m_SortingLayerID: 0
  m_SortingOrder: 0
--- !u!33 &23806505
MeshFilter:
  m_ObjectHideFlags: 0
  m_PrefabParentObject: {fileID: 0}
  m_PrefabInternal: {fileID: 0}
  m_GameObject: {fileID: 23806500}
  m_Mesh: {fileID: 10207, guid: 0000000000000000e000000000000000, type: 0}
--- !u!4 &23806506
Transform:
  m_ObjectHideFlags: 0
  m_PrefabParentObject: {fileID: 0}
  m_PrefabInternal: {fileID: 0}
  m_GameObject: {fileID: 23806500}
  m_LocalRotation: {x: 0, y: 0, z: 0, w: 1}
  m_LocalPosition: {x: 0, y: .5, z: 0}
  m_LocalScale: {x: 1, y: 1, z: 1}
  m_Children: []
  m_Father: {fileID: 0}
  m_RootOrder: 1
--- !u!1 &314334916
GameObject:
  m_ObjectHideFlags: 0
  m_PrefabParentObject: {fileID: 0}
  m_PrefabInternal: {fileID: 0}
  serializedVersion: 4
  m_Component:
  - 4: {fileID: 314334917}
  - 33: {fileID: 314334920}
  - 65: {fileID: 314334919}
  - 23: {fileID: 314334918}
  m_Layer: 0
  m_Name: westWall
  m_TagString: Untagged
  m_Icon: {fileID: 0}
  m_NavMeshLayer: 0
  m_StaticEditorFlags: 0
  m_IsActive: 1
--- !u!4 &314334917
Transform:
  m_ObjectHideFlags: 0
  m_PrefabParentObject: {fileID: 0}
  m_PrefabInternal: {fileID: 0}
  m_GameObject: {fileID: 314334916}
  m_LocalRotation: {x: 0, y: 0, z: 0, w: 1}
  m_LocalPosition: {x: -14.4890366, y: 0, z: 2.03864861}
  m_LocalScale: {x: .5, y: 1, z: 20}
  m_Children: []
  m_Father: {fileID: 1855253867}
  m_RootOrder: 0
--- !u!23 &314334918
Renderer:
  m_ObjectHideFlags: 0
  m_PrefabParentObject: {fileID: 0}
  m_PrefabInternal: {fileID: 0}
  m_GameObject: {fileID: 314334916}
  m_Enabled: 1
  m_CastShadows: 1
  m_ReceiveShadows: 1
  m_LightmapIndex: 255
  m_LightmapTilingOffset: {x: 1, y: 1, z: 0, w: 0}
  m_Materials:
  - {fileID: 10302, guid: 0000000000000000f000000000000000, type: 0}
  m_SubsetIndices: 
  m_StaticBatchRoot: {fileID: 0}
  m_UseLightProbes: 0
  m_LightProbeAnchor: {fileID: 0}
  m_ScaleInLightmap: 1
  m_SortingLayerID: 0
  m_SortingOrder: 0
--- !u!65 &314334919
BoxCollider:
  m_ObjectHideFlags: 0
  m_PrefabParentObject: {fileID: 0}
  m_PrefabInternal: {fileID: 0}
  m_GameObject: {fileID: 314334916}
  m_Material: {fileID: 0}
  m_IsTrigger: 0
  m_Enabled: 1
  serializedVersion: 2
  m_Size: {x: 1, y: 1, z: 1}
  m_Center: {x: 0, y: 0, z: 0}
--- !u!33 &314334920
MeshFilter:
  m_ObjectHideFlags: 0
  m_PrefabParentObject: {fileID: 0}
  m_PrefabInternal: {fileID: 0}
  m_GameObject: {fileID: 314334916}
  m_Mesh: {fileID: 10202, guid: 0000000000000000e000000000000000, type: 0}
--- !u!1 &339445457
GameObject:
  m_ObjectHideFlags: 0
  m_PrefabParentObject: {fileID: 110624, guid: 90f46117507e4654f9d3a469bb4aa43e, type: 2}
  m_PrefabInternal: {fileID: 0}
  serializedVersion: 4
  m_Component:
  - 4: {fileID: 339445458}
  - 33: {fileID: 339445463}
  - 65: {fileID: 339445462}
  - 23: {fileID: 339445461}
  - 114: {fileID: 339445460}
  - 114: {fileID: 339445459}
  - 54: {fileID: 339445464}
  m_Layer: 0
  m_Name: Pick Up
  m_TagString: Pick Up
  m_Icon: {fileID: 0}
  m_NavMeshLayer: 0
  m_StaticEditorFlags: 0
  m_IsActive: 1
--- !u!4 &339445458
Transform:
  m_ObjectHideFlags: 0
  m_PrefabParentObject: {fileID: 410624, guid: 90f46117507e4654f9d3a469bb4aa43e, type: 2}
  m_PrefabInternal: {fileID: 0}
  m_GameObject: {fileID: 339445457}
  m_LocalRotation: {x: .461939991, y: .191341996, z: .191341996, w: .844623029}
  m_LocalPosition: {x: 2.42000008, y: 1.69000006, z: 1.86000001}
  m_LocalScale: {x: .5, y: .49999997, z: .5}
  m_Children: []
  m_Father: {fileID: 1342657794}
  m_RootOrder: 7
--- !u!114 &339445459
MonoBehaviour:
  m_ObjectHideFlags: 0
  m_PrefabParentObject: {fileID: 11410624, guid: 90f46117507e4654f9d3a469bb4aa43e,
    type: 2}
  m_PrefabInternal: {fileID: 0}
  m_GameObject: {fileID: 339445457}
  m_Enabled: 1
  m_EditorHideFlags: 0
  m_Script: {fileID: 11500000, guid: 91948565575c7e04da683ed0db7a40e5, type: 3}
  m_Name: 
  m_EditorClassIdentifier: 
--- !u!114 &339445460
MonoBehaviour:
  m_ObjectHideFlags: 0
  m_PrefabParentObject: {fileID: 11410626, guid: 90f46117507e4654f9d3a469bb4aa43e,
    type: 2}
  m_PrefabInternal: {fileID: 0}
  m_GameObject: {fileID: 339445457}
  m_Enabled: 1
  m_EditorHideFlags: 0
  m_Script: {fileID: 11500000, guid: 3354e64a76600954f87c53b0b7fe29b9, type: 3}
  m_Name: 
  m_EditorClassIdentifier: 
--- !u!23 &339445461
Renderer:
  m_ObjectHideFlags: 0
  m_PrefabParentObject: {fileID: 2310624, guid: 90f46117507e4654f9d3a469bb4aa43e,
    type: 2}
  m_PrefabInternal: {fileID: 0}
  m_GameObject: {fileID: 339445457}
  m_Enabled: 1
  m_CastShadows: 1
  m_ReceiveShadows: 1
  m_LightmapIndex: 255
  m_LightmapTilingOffset: {x: 1, y: 1, z: 0, w: 0}
  m_Materials:
  - {fileID: 10302, guid: 0000000000000000f000000000000000, type: 0}
  m_SubsetIndices: 
  m_StaticBatchRoot: {fileID: 0}
  m_UseLightProbes: 0
  m_LightProbeAnchor: {fileID: 0}
  m_ScaleInLightmap: 1
  m_SortingLayerID: 0
  m_SortingOrder: 0
--- !u!65 &339445462
BoxCollider:
  m_ObjectHideFlags: 0
  m_PrefabParentObject: {fileID: 6510624, guid: 90f46117507e4654f9d3a469bb4aa43e,
    type: 2}
  m_PrefabInternal: {fileID: 0}
  m_GameObject: {fileID: 339445457}
  m_Material: {fileID: 0}
  m_IsTrigger: 1
  m_Enabled: 1
  serializedVersion: 2
  m_Size: {x: 1, y: 1, z: 1}
  m_Center: {x: 0, y: 0, z: 0}
--- !u!33 &339445463
MeshFilter:
  m_ObjectHideFlags: 0
  m_PrefabParentObject: {fileID: 3310624, guid: 90f46117507e4654f9d3a469bb4aa43e,
    type: 2}
  m_PrefabInternal: {fileID: 0}
  m_GameObject: {fileID: 339445457}
  m_Mesh: {fileID: 10202, guid: 0000000000000000e000000000000000, type: 0}
--- !u!54 &339445464
Rigidbody:
  m_ObjectHideFlags: 0
  m_PrefabParentObject: {fileID: 0}
  m_PrefabInternal: {fileID: 0}
  m_GameObject: {fileID: 339445457}
  serializedVersion: 2
  m_Mass: 1
  m_Drag: 0
  m_AngularDrag: .0500000007
  m_UseGravity: 1
  m_IsKinematic: 1
  m_Interpolate: 0
  m_Constraints: 0
  m_CollisionDetection: 0
--- !u!1 &424283262
GameObject:
  m_ObjectHideFlags: 0
  m_PrefabParentObject: {fileID: 0}
  m_PrefabInternal: {fileID: 0}
  serializedVersion: 4
  m_Component:
  - 4: {fileID: 424283266}
  - 33: {fileID: 424283265}
  - 64: {fileID: 424283264}
  - 23: {fileID: 424283263}
  m_Layer: 0
  m_Name: Ground
  m_TagString: Untagged
  m_Icon: {fileID: 0}
  m_NavMeshLayer: 0
  m_StaticEditorFlags: 0
  m_IsActive: 1
--- !u!23 &424283263
Renderer:
  m_ObjectHideFlags: 0
  m_PrefabParentObject: {fileID: 0}
  m_PrefabInternal: {fileID: 0}
  m_GameObject: {fileID: 424283262}
  m_Enabled: 1
  m_CastShadows: 1
  m_ReceiveShadows: 1
  m_LightmapIndex: 255
  m_LightmapTilingOffset: {x: 1, y: 1, z: 0, w: 0}
  m_Materials:
  - {fileID: 10302, guid: 0000000000000000f000000000000000, type: 0}
  m_SubsetIndices: 
  m_StaticBatchRoot: {fileID: 0}
  m_UseLightProbes: 0
  m_LightProbeAnchor: {fileID: 0}
  m_ScaleInLightmap: 1
  m_SortingLayerID: 0
  m_SortingOrder: 0
--- !u!64 &424283264
MeshCollider:
  m_ObjectHideFlags: 0
  m_PrefabParentObject: {fileID: 0}
  m_PrefabInternal: {fileID: 0}
  m_GameObject: {fileID: 424283262}
  m_Material: {fileID: 0}
  m_IsTrigger: 0
  m_Enabled: 1
  serializedVersion: 2
  m_SmoothSphereCollisions: 0
  m_Convex: 0
  m_Mesh: {fileID: 10209, guid: 0000000000000000e000000000000000, type: 0}
--- !u!33 &424283265
MeshFilter:
  m_ObjectHideFlags: 0
  m_PrefabParentObject: {fileID: 0}
  m_PrefabInternal: {fileID: 0}
  m_GameObject: {fileID: 424283262}
  m_Mesh: {fileID: 10209, guid: 0000000000000000e000000000000000, type: 0}
--- !u!4 &424283266
Transform:
  m_ObjectHideFlags: 0
  m_PrefabParentObject: {fileID: 0}
  m_PrefabInternal: {fileID: 0}
  m_GameObject: {fileID: 424283262}
  m_LocalRotation: {x: 0, y: 0, z: 0, w: 1}
  m_LocalPosition: {x: 0, y: 0, z: 0}
  m_LocalScale: {x: 2, y: 1, z: 2}
  m_Children: []
  m_Father: {fileID: 0}
  m_RootOrder: 0
--- !u!1 &698270028
GameObject:
  m_ObjectHideFlags: 0
  m_PrefabParentObject: {fileID: 0}
  m_PrefabInternal: {fileID: 0}
  serializedVersion: 4
  m_Component:
  - 4: {fileID: 698270032}
  - 33: {fileID: 698270031}
  - 65: {fileID: 698270030}
  - 23: {fileID: 698270029}
  m_Layer: 0
  m_Name: southWall
  m_TagString: Untagged
  m_Icon: {fileID: 0}
  m_NavMeshLayer: 0
  m_StaticEditorFlags: 0
  m_IsActive: 1
--- !u!23 &698270029
Renderer:
  m_ObjectHideFlags: 0
  m_PrefabParentObject: {fileID: 0}
  m_PrefabInternal: {fileID: 0}
  m_GameObject: {fileID: 698270028}
  m_Enabled: 1
  m_CastShadows: 1
  m_ReceiveShadows: 1
  m_LightmapIndex: 255
  m_LightmapTilingOffset: {x: 1, y: 1, z: 0, w: 0}
  m_Materials:
  - {fileID: 10302, guid: 0000000000000000f000000000000000, type: 0}
  m_SubsetIndices: 
  m_StaticBatchRoot: {fileID: 0}
  m_UseLightProbes: 0
  m_LightProbeAnchor: {fileID: 0}
  m_ScaleInLightmap: 1
  m_SortingLayerID: 0
  m_SortingOrder: 0
--- !u!65 &698270030
BoxCollider:
  m_ObjectHideFlags: 0
  m_PrefabParentObject: {fileID: 0}
  m_PrefabInternal: {fileID: 0}
  m_GameObject: {fileID: 698270028}
  m_Material: {fileID: 0}
  m_IsTrigger: 0
  m_Enabled: 1
  serializedVersion: 2
  m_Size: {x: 1, y: 1, z: 1}
  m_Center: {x: 0, y: 0, z: 0}
--- !u!33 &698270031
MeshFilter:
  m_ObjectHideFlags: 0
  m_PrefabParentObject: {fileID: 0}
  m_PrefabInternal: {fileID: 0}
  m_GameObject: {fileID: 698270028}
  m_Mesh: {fileID: 10202, guid: 0000000000000000e000000000000000, type: 0}
--- !u!4 &698270032
Transform:
  m_ObjectHideFlags: 0
  m_PrefabParentObject: {fileID: 0}
  m_PrefabInternal: {fileID: 0}
  m_GameObject: {fileID: 698270028}
  m_LocalRotation: {x: 0, y: .707106829, z: 0, w: .707106829}
  m_LocalPosition: {x: -4.26000023, y: 0, z: -8.09000015}
  m_LocalScale: {x: .5, y: 1, z: 20}
  m_Children: []
  m_Father: {fileID: 1855253867}
  m_RootOrder: 2
--- !u!1 &752704591
GameObject:
  m_ObjectHideFlags: 0
  m_PrefabParentObject: {fileID: 0}
  m_PrefabInternal: {fileID: 0}
  serializedVersion: 4
  m_Component:
  - 4: {fileID: 752704592}
  m_Layer: 0
  m_Name: GameObject
  m_TagString: Untagged
  m_Icon: {fileID: 0}
  m_NavMeshLayer: 0
  m_StaticEditorFlags: 0
  m_IsActive: 1
--- !u!4 &752704592
Transform:
  m_ObjectHideFlags: 0
  m_PrefabParentObject: {fileID: 0}
  m_PrefabInternal: {fileID: 0}
  m_GameObject: {fileID: 752704591}
  m_LocalRotation: {x: 0, y: 0, z: 0, w: 1}
  m_LocalPosition: {x: 0, y: 100, z: 0}
  m_LocalScale: {x: 1, y: 1, z: 1}
  m_Children:
  - {fileID: 1114314514}
  - {fileID: 892499310}
  m_Father: {fileID: 0}
  m_RootOrder: 3
--- !u!1 &796697686
GameObject:
  m_ObjectHideFlags: 0
  m_PrefabParentObject: {fileID: 0}
  m_PrefabInternal: {fileID: 0}
  serializedVersion: 4
  m_Component:
  - 4: {fileID: 796697688}
  - 132: {fileID: 796697687}
  m_Layer: 0
  m_Name: Count Text
  m_TagString: Untagged
  m_Icon: {fileID: 0}
  m_NavMeshLayer: 0
  m_StaticEditorFlags: 0
  m_IsActive: 1
--- !u!132 &796697687
GUIText:
  m_ObjectHideFlags: 0
  m_PrefabParentObject: {fileID: 0}
  m_PrefabInternal: {fileID: 0}
  m_GameObject: {fileID: 796697686}
  m_Enabled: 1
  serializedVersion: 3
  m_Text: GUIText
  m_Anchor: 0
  m_Alignment: 0
  m_PixelOffset: {x: 10, y: -5}
  m_LineSpacing: 1
  m_TabSize: 4
  m_Font: {fileID: 0}
  m_Material: {fileID: 0}
  m_FontSize: 0
  m_FontStyle: 0
  m_Color:
    serializedVersion: 2
    rgba: 4294967295
  m_PixelCorrect: 1
  m_RichText: 1
--- !u!4 &796697688
Transform:
  m_ObjectHideFlags: 0
  m_PrefabParentObject: {fileID: 0}
  m_PrefabInternal: {fileID: 0}
  m_GameObject: {fileID: 796697686}
  m_LocalRotation: {x: 0, y: 0, z: 0, w: 1}
  m_LocalPosition: {x: 0, y: 1, z: 0}
  m_LocalScale: {x: 1, y: 1, z: 1}
  m_Children: []
  m_Father: {fileID: 1352547395}
  m_RootOrder: 0
--- !u!1 &836752725
GameObject:
  m_ObjectHideFlags: 0
  m_PrefabParentObject: {fileID: 0}
  m_PrefabInternal: {fileID: 0}
  serializedVersion: 4
  m_Component:
  - 4: {fileID: 836752726}
  - 33: {fileID: 836752729}
  - 65: {fileID: 836752728}
  - 23: {fileID: 836752727}
  m_Layer: 0
  m_Name: eastWall
  m_TagString: Untagged
  m_Icon: {fileID: 0}
  m_NavMeshLayer: 0
  m_StaticEditorFlags: 0
  m_IsActive: 1
--- !u!4 &836752726
Transform:
  m_ObjectHideFlags: 0
  m_PrefabParentObject: {fileID: 0}
  m_PrefabInternal: {fileID: 0}
  m_GameObject: {fileID: 836752725}
  m_LocalRotation: {x: 0, y: 0, z: 0, w: 1}
  m_LocalPosition: {x: 6, y: 0, z: 2.03999996}
  m_LocalScale: {x: .5, y: 1, z: 20}
  m_Children: []
  m_Father: {fileID: 1855253867}
  m_RootOrder: 1
--- !u!23 &836752727
Renderer:
  m_ObjectHideFlags: 0
  m_PrefabParentObject: {fileID: 0}
  m_PrefabInternal: {fileID: 0}
  m_GameObject: {fileID: 836752725}
  m_Enabled: 1
  m_CastShadows: 1
  m_ReceiveShadows: 1
  m_LightmapIndex: 255
  m_LightmapTilingOffset: {x: 1, y: 1, z: 0, w: 0}
  m_Materials:
  - {fileID: 10302, guid: 0000000000000000f000000000000000, type: 0}
  m_SubsetIndices: 
  m_StaticBatchRoot: {fileID: 0}
  m_UseLightProbes: 0
  m_LightProbeAnchor: {fileID: 0}
  m_ScaleInLightmap: 1
  m_SortingLayerID: 0
  m_SortingOrder: 0
--- !u!65 &836752728
BoxCollider:
  m_ObjectHideFlags: 0
  m_PrefabParentObject: {fileID: 0}
  m_PrefabInternal: {fileID: 0}
  m_GameObject: {fileID: 836752725}
  m_Material: {fileID: 0}
  m_IsTrigger: 0
  m_Enabled: 1
  serializedVersion: 2
  m_Size: {x: 1, y: 1, z: 1}
  m_Center: {x: 0, y: 0, z: 0}
--- !u!33 &836752729
MeshFilter:
  m_ObjectHideFlags: 0
  m_PrefabParentObject: {fileID: 0}
  m_PrefabInternal: {fileID: 0}
  m_GameObject: {fileID: 836752725}
  m_Mesh: {fileID: 10202, guid: 0000000000000000e000000000000000, type: 0}
--- !u!1 &892499308
GameObject:
  m_ObjectHideFlags: 0
  m_PrefabParentObject: {fileID: 0}
  m_PrefabInternal: {fileID: 0}
  serializedVersion: 4
  m_Component:
  - 4: {fileID: 892499310}
  - 108: {fileID: 892499309}
  m_Layer: 0
  m_Name: Full Light
  m_TagString: Untagged
  m_Icon: {fileID: 0}
  m_NavMeshLayer: 0
  m_StaticEditorFlags: 0
  m_IsActive: 1
--- !u!108 &892499309
Light:
  m_ObjectHideFlags: 0
  m_PrefabParentObject: {fileID: 0}
  m_PrefabInternal: {fileID: 0}
  m_GameObject: {fileID: 892499308}
  m_Enabled: 1
  serializedVersion: 3
  m_Type: 1
  m_Color: {r: .359807551, g: .889705896, b: .889705896, a: 1}
  m_Intensity: .100000001
  m_Range: 10
  m_SpotAngle: 30
  m_CookieSize: 10
  m_Shadows:
    m_Type: 0
    m_Resolution: 3
    m_Strength: 1
    m_Bias: .0500000007
    m_Softness: 4
    m_SoftnessFade: 1
  m_Cookie: {fileID: 0}
  m_DrawHalo: 0
  m_ActuallyLightmapped: 0
  m_Flare: {fileID: 0}
  m_RenderMode: 0
  m_CullingMask:
    serializedVersion: 2
    m_Bits: 4294967295
  m_Lightmapping: 1
  m_ShadowSamples: 1
  m_ShadowRadius: 0
  m_ShadowAngle: 0
  m_IndirectIntensity: 1
  m_AreaSize: {x: 1, y: 1}
--- !u!4 &892499310
Transform:
  m_ObjectHideFlags: 0
  m_PrefabParentObject: {fileID: 0}
  m_PrefabInternal: {fileID: 0}
  m_GameObject: {fileID: 892499308}
  m_LocalRotation: {x: -.224143878, y: -.482962936, z: -.129409537, w: .836516321}
  m_LocalPosition: {x: 0, y: 0, z: 0}
  m_LocalScale: {x: 1, y: 1, z: 1}
  m_Children: []
  m_Father: {fileID: 752704592}
  m_RootOrder: 1
--- !u!1 &942356627
GameObject:
  m_ObjectHideFlags: 0
  m_PrefabParentObject: {fileID: 110624, guid: 90f46117507e4654f9d3a469bb4aa43e, type: 2}
  m_PrefabInternal: {fileID: 0}
  serializedVersion: 4
  m_Component:
  - 4: {fileID: 942356628}
  - 33: {fileID: 942356633}
  - 65: {fileID: 942356632}
  - 23: {fileID: 942356631}
  - 114: {fileID: 942356630}
  - 114: {fileID: 942356629}
  - 54: {fileID: 942356634}
  m_Layer: 0
  m_Name: Pick Up
  m_TagString: Pick Up
  m_Icon: {fileID: 0}
  m_NavMeshLayer: 0
  m_StaticEditorFlags: 0
  m_IsActive: 1
--- !u!4 &942356628
Transform:
  m_ObjectHideFlags: 0
  m_PrefabParentObject: {fileID: 410624, guid: 90f46117507e4654f9d3a469bb4aa43e, type: 2}
  m_PrefabInternal: {fileID: 0}
  m_GameObject: {fileID: 942356627}
  m_LocalRotation: {x: .461939991, y: .191341996, z: .191341996, w: .844623029}
  m_LocalPosition: {x: 3.02999997, y: 1.69000006, z: -.0299999993}
  m_LocalScale: {x: .5, y: .49999997, z: .5}
  m_Children: []
  m_Father: {fileID: 1342657794}
  m_RootOrder: 6
--- !u!114 &942356629
MonoBehaviour:
  m_ObjectHideFlags: 0
  m_PrefabParentObject: {fileID: 11410624, guid: 90f46117507e4654f9d3a469bb4aa43e,
    type: 2}
  m_PrefabInternal: {fileID: 0}
  m_GameObject: {fileID: 942356627}
  m_Enabled: 1
  m_EditorHideFlags: 0
  m_Script: {fileID: 11500000, guid: 91948565575c7e04da683ed0db7a40e5, type: 3}
  m_Name: 
  m_EditorClassIdentifier: 
--- !u!114 &942356630
MonoBehaviour:
  m_ObjectHideFlags: 0
  m_PrefabParentObject: {fileID: 11410626, guid: 90f46117507e4654f9d3a469bb4aa43e,
    type: 2}
  m_PrefabInternal: {fileID: 0}
  m_GameObject: {fileID: 942356627}
  m_Enabled: 1
  m_EditorHideFlags: 0
  m_Script: {fileID: 11500000, guid: 3354e64a76600954f87c53b0b7fe29b9, type: 3}
  m_Name: 
  m_EditorClassIdentifier: 
--- !u!23 &942356631
Renderer:
  m_ObjectHideFlags: 0
  m_PrefabParentObject: {fileID: 2310624, guid: 90f46117507e4654f9d3a469bb4aa43e,
    type: 2}
  m_PrefabInternal: {fileID: 0}
  m_GameObject: {fileID: 942356627}
  m_Enabled: 1
  m_CastShadows: 1
  m_ReceiveShadows: 1
  m_LightmapIndex: 255
  m_LightmapTilingOffset: {x: 1, y: 1, z: 0, w: 0}
  m_Materials:
  - {fileID: 10302, guid: 0000000000000000f000000000000000, type: 0}
  m_SubsetIndices: 
  m_StaticBatchRoot: {fileID: 0}
  m_UseLightProbes: 0
  m_LightProbeAnchor: {fileID: 0}
  m_ScaleInLightmap: 1
  m_SortingLayerID: 0
  m_SortingOrder: 0
--- !u!65 &942356632
BoxCollider:
  m_ObjectHideFlags: 0
  m_PrefabParentObject: {fileID: 6510624, guid: 90f46117507e4654f9d3a469bb4aa43e,
    type: 2}
  m_PrefabInternal: {fileID: 0}
  m_GameObject: {fileID: 942356627}
  m_Material: {fileID: 0}
  m_IsTrigger: 1
  m_Enabled: 1
  serializedVersion: 2
  m_Size: {x: 1, y: 1, z: 1}
  m_Center: {x: 0, y: 0, z: 0}
--- !u!33 &942356633
MeshFilter:
  m_ObjectHideFlags: 0
  m_PrefabParentObject: {fileID: 3310624, guid: 90f46117507e4654f9d3a469bb4aa43e,
    type: 2}
  m_PrefabInternal: {fileID: 0}
  m_GameObject: {fileID: 942356627}
  m_Mesh: {fileID: 10202, guid: 0000000000000000e000000000000000, type: 0}
--- !u!54 &942356634
Rigidbody:
  m_ObjectHideFlags: 0
  m_PrefabParentObject: {fileID: 0}
  m_PrefabInternal: {fileID: 0}
  m_GameObject: {fileID: 942356627}
  serializedVersion: 2
  m_Mass: 1
  m_Drag: 0
  m_AngularDrag: .0500000007
  m_UseGravity: 1
  m_IsKinematic: 1
  m_Interpolate: 0
  m_Constraints: 0
  m_CollisionDetection: 0
--- !u!1 &1039524954
GameObject:
  m_ObjectHideFlags: 0
  m_PrefabParentObject: {fileID: 110624, guid: 90f46117507e4654f9d3a469bb4aa43e, type: 2}
  m_PrefabInternal: {fileID: 0}
  serializedVersion: 4
  m_Component:
  - 4: {fileID: 1039524955}
  - 33: {fileID: 1039524960}
  - 65: {fileID: 1039524959}
  - 23: {fileID: 1039524958}
  - 114: {fileID: 1039524957}
  - 114: {fileID: 1039524956}
  - 54: {fileID: 1039524961}
  m_Layer: 0
  m_Name: Pick Up
  m_TagString: Pick Up
  m_Icon: {fileID: 0}
  m_NavMeshLayer: 0
  m_StaticEditorFlags: 0
  m_IsActive: 1
--- !u!4 &1039524955
Transform:
  m_ObjectHideFlags: 0
  m_PrefabParentObject: {fileID: 410624, guid: 90f46117507e4654f9d3a469bb4aa43e, type: 2}
  m_PrefabInternal: {fileID: 0}
  m_GameObject: {fileID: 1039524954}
  m_LocalRotation: {x: .461939991, y: .191341996, z: .191341996, w: .844623029}
  m_LocalPosition: {x: -3.88000011, y: 1.69000006, z: .100000001}
  m_LocalScale: {x: .5, y: .49999997, z: .5}
  m_Children: []
  m_Father: {fileID: 1342657794}
  m_RootOrder: 2
--- !u!114 &1039524956
MonoBehaviour:
  m_ObjectHideFlags: 0
  m_PrefabParentObject: {fileID: 11410624, guid: 90f46117507e4654f9d3a469bb4aa43e,
    type: 2}
  m_PrefabInternal: {fileID: 0}
  m_GameObject: {fileID: 1039524954}
  m_Enabled: 1
  m_EditorHideFlags: 0
  m_Script: {fileID: 11500000, guid: 91948565575c7e04da683ed0db7a40e5, type: 3}
  m_Name: 
  m_EditorClassIdentifier: 
--- !u!114 &1039524957
MonoBehaviour:
  m_ObjectHideFlags: 0
  m_PrefabParentObject: {fileID: 11410626, guid: 90f46117507e4654f9d3a469bb4aa43e,
    type: 2}
  m_PrefabInternal: {fileID: 0}
  m_GameObject: {fileID: 1039524954}
  m_Enabled: 1
  m_EditorHideFlags: 0
  m_Script: {fileID: 11500000, guid: 3354e64a76600954f87c53b0b7fe29b9, type: 3}
  m_Name: 
  m_EditorClassIdentifier: 
--- !u!23 &1039524958
Renderer:
  m_ObjectHideFlags: 0
  m_PrefabParentObject: {fileID: 2310624, guid: 90f46117507e4654f9d3a469bb4aa43e,
    type: 2}
  m_PrefabInternal: {fileID: 0}
  m_GameObject: {fileID: 1039524954}
  m_Enabled: 1
  m_CastShadows: 1
  m_ReceiveShadows: 1
  m_LightmapIndex: 255
  m_LightmapTilingOffset: {x: 1, y: 1, z: 0, w: 0}
  m_Materials:
  - {fileID: 10302, guid: 0000000000000000f000000000000000, type: 0}
  m_SubsetIndices: 
  m_StaticBatchRoot: {fileID: 0}
  m_UseLightProbes: 0
  m_LightProbeAnchor: {fileID: 0}
  m_ScaleInLightmap: 1
  m_SortingLayerID: 0
  m_SortingOrder: 0
--- !u!65 &1039524959
BoxCollider:
  m_ObjectHideFlags: 0
  m_PrefabParentObject: {fileID: 6510624, guid: 90f46117507e4654f9d3a469bb4aa43e,
    type: 2}
  m_PrefabInternal: {fileID: 0}
  m_GameObject: {fileID: 1039524954}
  m_Material: {fileID: 0}
  m_IsTrigger: 1
  m_Enabled: 1
  serializedVersion: 2
  m_Size: {x: 1, y: 1, z: 1}
  m_Center: {x: 0, y: 0, z: 0}
--- !u!33 &1039524960
MeshFilter:
  m_ObjectHideFlags: 0
  m_PrefabParentObject: {fileID: 3310624, guid: 90f46117507e4654f9d3a469bb4aa43e,
    type: 2}
  m_PrefabInternal: {fileID: 0}
  m_GameObject: {fileID: 1039524954}
  m_Mesh: {fileID: 10202, guid: 0000000000000000e000000000000000, type: 0}
--- !u!54 &1039524961
Rigidbody:
  m_ObjectHideFlags: 0
  m_PrefabParentObject: {fileID: 0}
  m_PrefabInternal: {fileID: 0}
  m_GameObject: {fileID: 1039524954}
  serializedVersion: 2
  m_Mass: 1
  m_Drag: 0
  m_AngularDrag: .0500000007
  m_UseGravity: 1
  m_IsKinematic: 1
  m_Interpolate: 0
  m_Constraints: 0
  m_CollisionDetection: 0
--- !u!1 &1077189116
GameObject:
  m_ObjectHideFlags: 0
  m_PrefabParentObject: {fileID: 0}
  m_PrefabInternal: {fileID: 0}
  serializedVersion: 4
  m_Component:
  - 4: {fileID: 1077189120}
  - 114: {fileID: 1077189119}
  - 114: {fileID: 1077189118}
  - 114: {fileID: 1077189117}
  m_Layer: 0
  m_Name: EventSystem
  m_TagString: Untagged
  m_Icon: {fileID: 0}
  m_NavMeshLayer: 0
  m_StaticEditorFlags: 0
  m_IsActive: 1
--- !u!114 &1077189117
MonoBehaviour:
  m_ObjectHideFlags: 0
  m_PrefabParentObject: {fileID: 0}
  m_PrefabInternal: {fileID: 0}
  m_GameObject: {fileID: 1077189116}
  m_Enabled: 1
  m_EditorHideFlags: 0
  m_Script: {fileID: 1997211142, guid: f5f67c52d1564df4a8936ccd202a3bd8, type: 3}
  m_Name: 
  m_EditorClassIdentifier: 
  m_AllowActivationOnStandalone: 0
--- !u!114 &1077189118
MonoBehaviour:
  m_ObjectHideFlags: 0
  m_PrefabParentObject: {fileID: 0}
  m_PrefabInternal: {fileID: 0}
  m_GameObject: {fileID: 1077189116}
  m_Enabled: 1
  m_EditorHideFlags: 0
  m_Script: {fileID: 1077351063, guid: f5f67c52d1564df4a8936ccd202a3bd8, type: 3}
  m_Name: 
  m_EditorClassIdentifier: 
  m_HorizontalAxis: Horizontal
  m_VerticalAxis: Vertical
  m_SubmitButton: Submit
  m_CancelButton: Cancel
  m_InputActionsPerSecond: 10
  m_AllowActivationOnMobileDevice: 0
--- !u!114 &1077189119
MonoBehaviour:
  m_ObjectHideFlags: 0
  m_PrefabParentObject: {fileID: 0}
  m_PrefabInternal: {fileID: 0}
  m_GameObject: {fileID: 1077189116}
  m_Enabled: 1
  m_EditorHideFlags: 0
  m_Script: {fileID: -619905303, guid: f5f67c52d1564df4a8936ccd202a3bd8, type: 3}
  m_Name: 
  m_EditorClassIdentifier: 
  m_FirstSelected: {fileID: 0}
  m_sendNavigationEvents: 1
  m_DragThreshold: 5
--- !u!4 &1077189120
Transform:
  m_ObjectHideFlags: 0
  m_PrefabParentObject: {fileID: 0}
  m_PrefabInternal: {fileID: 0}
  m_GameObject: {fileID: 1077189116}
  m_LocalRotation: {x: 0, y: 0, z: 0, w: 1}
  m_LocalPosition: {x: 0, y: 0, z: 0}
  m_LocalScale: {x: 1, y: 1, z: 1}
  m_Children: []
  m_Father: {fileID: 0}
  m_RootOrder: 6
--- !u!1 &1114314513
GameObject:
  m_ObjectHideFlags: 0
  m_PrefabParentObject: {fileID: 0}
  m_PrefabInternal: {fileID: 0}
  serializedVersion: 4
  m_Component:
  - 4: {fileID: 1114314514}
  - 108: {fileID: 1114314515}
  m_Layer: 0
  m_Name: Main Light
  m_TagString: Untagged
  m_Icon: {fileID: 0}
  m_NavMeshLayer: 0
  m_StaticEditorFlags: 0
  m_IsActive: 1
--- !u!4 &1114314514
Transform:
  m_ObjectHideFlags: 0
  m_PrefabParentObject: {fileID: 0}
  m_PrefabInternal: {fileID: 0}
  m_GameObject: {fileID: 1114314513}
  m_LocalRotation: {x: .258819044, y: 0, z: 0, w: .965925813}
  m_LocalPosition: {x: 0, y: 0, z: 0}
  m_LocalScale: {x: 1, y: 1, z: 1}
  m_Children: []
  m_Father: {fileID: 752704592}
  m_RootOrder: 0
--- !u!108 &1114314515
Light:
  m_ObjectHideFlags: 0
  m_PrefabParentObject: {fileID: 0}
  m_PrefabInternal: {fileID: 0}
  m_GameObject: {fileID: 1114314513}
  m_Enabled: 1
  serializedVersion: 3
  m_Type: 1
  m_Color: {r: 1, g: 1, b: 1, a: 1}
  m_Intensity: .5
  m_Range: 10
  m_SpotAngle: 30
  m_CookieSize: 10
  m_Shadows:
    m_Type: 2
    m_Resolution: 3
    m_Strength: 1
    m_Bias: .0500000007
    m_Softness: 4
    m_SoftnessFade: 1
  m_Cookie: {fileID: 0}
  m_DrawHalo: 0
  m_ActuallyLightmapped: 0
  m_Flare: {fileID: 0}
  m_RenderMode: 0
  m_CullingMask:
    serializedVersion: 2
    m_Bits: 4294967295
  m_Lightmapping: 1
  m_ShadowSamples: 1
  m_ShadowRadius: 0
  m_ShadowAngle: 0
  m_IndirectIntensity: 1
  m_AreaSize: {x: 1, y: 1}
--- !u!1 &1298993288
GameObject:
  m_ObjectHideFlags: 0
  m_PrefabParentObject: {fileID: 0}
  m_PrefabInternal: {fileID: 0}
  serializedVersion: 4
  m_Component:
  - 4: {fileID: 1298993293}
  - 20: {fileID: 1298993292}
  - 92: {fileID: 1298993291}
  - 124: {fileID: 1298993290}
  - 81: {fileID: 1298993289}
  - 114: {fileID: 1298993294}
  m_Layer: 0
  m_Name: Main Camera
  m_TagString: MainCamera
  m_Icon: {fileID: 0}
  m_NavMeshLayer: 0
  m_StaticEditorFlags: 0
  m_IsActive: 1
--- !u!81 &1298993289
AudioListener:
  m_ObjectHideFlags: 0
  m_PrefabParentObject: {fileID: 0}
  m_PrefabInternal: {fileID: 0}
  m_GameObject: {fileID: 1298993288}
  m_Enabled: 1
--- !u!124 &1298993290
Behaviour:
  m_ObjectHideFlags: 0
  m_PrefabParentObject: {fileID: 0}
  m_PrefabInternal: {fileID: 0}
  m_GameObject: {fileID: 1298993288}
  m_Enabled: 1
--- !u!92 &1298993291
Behaviour:
  m_ObjectHideFlags: 0
  m_PrefabParentObject: {fileID: 0}
  m_PrefabInternal: {fileID: 0}
  m_GameObject: {fileID: 1298993288}
  m_Enabled: 1
--- !u!20 &1298993292
Camera:
  m_ObjectHideFlags: 0
  m_PrefabParentObject: {fileID: 0}
  m_PrefabInternal: {fileID: 0}
  m_GameObject: {fileID: 1298993288}
  m_Enabled: 1
  serializedVersion: 2
  m_ClearFlags: 1
  m_BackGroundColor: {r: .192156866, g: .301960796, b: .474509805, a: .0196078438}
  m_NormalizedViewPortRect:
    serializedVersion: 2
    x: 0
    y: 0
    width: 1
    height: 1
  near clip plane: .300000012
  far clip plane: 1000
  field of view: 60
  orthographic: 0
  orthographic size: 5
  m_Depth: -1
  m_CullingMask:
    serializedVersion: 2
    m_Bits: 4294967295
  m_RenderingPath: -1
  m_TargetTexture: {fileID: 0}
  m_TargetDisplay: 0
  m_HDR: 0
  m_OcclusionCulling: 1
  m_StereoConvergence: 10
  m_StereoSeparation: .0219999999
--- !u!4 &1298993293
Transform:
  m_ObjectHideFlags: 0
  m_PrefabParentObject: {fileID: 0}
  m_PrefabInternal: {fileID: 0}
  m_GameObject: {fileID: 1298993288}
  m_LocalRotation: {x: .382683486, y: 0, z: 0, w: .923879564}
  m_LocalPosition: {x: 0, y: 10, z: -10}
  m_LocalScale: {x: 1, y: 1.125, z: 1.12499988}
  m_Children: []
  m_Father: {fileID: 0}
  m_RootOrder: 2
--- !u!114 &1298993294
MonoBehaviour:
  m_ObjectHideFlags: 0
  m_PrefabParentObject: {fileID: 0}
  m_PrefabInternal: {fileID: 0}
  m_GameObject: {fileID: 1298993288}
  m_Enabled: 1
  m_EditorHideFlags: 0
  m_Script: {fileID: 11500000, guid: 7a617c8e94baa844fbb3564bdc9f65ae, type: 3}
  m_Name: 
  m_EditorClassIdentifier: 
  player: {fileID: 23806500}
--- !u!1 &1342657793
GameObject:
  m_ObjectHideFlags: 0
  m_PrefabParentObject: {fileID: 0}
  m_PrefabInternal: {fileID: 0}
  serializedVersion: 4
  m_Component:
  - 4: {fileID: 1342657794}
  m_Layer: 0
  m_Name: Pick Ups
  m_TagString: Untagged
  m_Icon: {fileID: 0}
  m_NavMeshLayer: 0
  m_StaticEditorFlags: 0
  m_IsActive: 1
--- !u!4 &1342657794
Transform:
  m_ObjectHideFlags: 0
  m_PrefabParentObject: {fileID: 0}
  m_PrefabInternal: {fileID: 0}
  m_GameObject: {fileID: 1342657793}
  m_LocalRotation: {x: 0, y: 0, z: 0, w: 1}
  m_LocalPosition: {x: 0, y: -1.10000002, z: 0}
  m_LocalScale: {x: 1, y: 1, z: 1}
  m_Children:
  - {fileID: 2081953003}
  - {fileID: 2003211739}
  - {fileID: 1039524955}
  - {fileID: 1784541405}
  - {fileID: 1966459750}
  - {fileID: 1743795886}
  - {fileID: 942356628}
  - {fileID: 339445458}
  - {fileID: 1471152569}
  m_Father: {fileID: 0}
  m_RootOrder: 5
--- !u!1 &1352547394
GameObject:
  m_ObjectHideFlags: 0
  m_PrefabParentObject: {fileID: 0}
  m_PrefabInternal: {fileID: 0}
  serializedVersion: 4
  m_Component:
  - 4: {fileID: 1352547395}
  m_Layer: 0
  m_Name: Display Text
  m_TagString: Untagged
  m_Icon: {fileID: 0}
  m_NavMeshLayer: 0
  m_StaticEditorFlags: 0
  m_IsActive: 1
--- !u!4 &1352547395
Transform:
  m_ObjectHideFlags: 0
  m_PrefabParentObject: {fileID: 0}
  m_PrefabInternal: {fileID: 0}
  m_GameObject: {fileID: 1352547394}
  m_LocalRotation: {x: 0, y: 0, z: 0, w: 1}
  m_LocalPosition: {x: 0, y: 0, z: 0}
  m_LocalScale: {x: 1, y: 1, z: 1}
  m_Children:
  - {fileID: 796697688}
  - {fileID: 1453558366}
  m_Father: {fileID: 0}
  m_RootOrder: 7
--- !u!1 &1453558365
GameObject:
  m_ObjectHideFlags: 0
  m_PrefabParentObject: {fileID: 0}
  m_PrefabInternal: {fileID: 0}
  serializedVersion: 4
  m_Component:
  - 4: {fileID: 1453558366}
  - 132: {fileID: 1453558367}
  m_Layer: 0
  m_Name: Win Text
  m_TagString: Untagged
  m_Icon: {fileID: 0}
  m_NavMeshLayer: 0
  m_StaticEditorFlags: 0
  m_IsActive: 1
--- !u!4 &1453558366
Transform:
  m_ObjectHideFlags: 0
  m_PrefabParentObject: {fileID: 0}
  m_PrefabInternal: {fileID: 0}
  m_GameObject: {fileID: 1453558365}
  m_LocalRotation: {x: 0, y: 0, z: 0, w: 1}
  m_LocalPosition: {x: .5, y: .699999988, z: 0}
  m_LocalScale: {x: 1, y: 1, z: 1}
  m_Children: []
  m_Father: {fileID: 1352547395}
  m_RootOrder: 1
--- !u!132 &1453558367
GUIText:
  m_ObjectHideFlags: 0
  m_PrefabParentObject: {fileID: 0}
  m_PrefabInternal: {fileID: 0}
  m_GameObject: {fileID: 1453558365}
  m_Enabled: 1
  serializedVersion: 3
  m_Text: 'GUI Text

'
  m_Anchor: 4
  m_Alignment: 1
  m_PixelOffset: {x: 0, y: 0}
  m_LineSpacing: 1
  m_TabSize: 4
  m_Font: {fileID: 0}
  m_Material: {fileID: 0}
  m_FontSize: 0
  m_FontStyle: 0
  m_Color:
    serializedVersion: 2
    rgba: 4294967295
  m_PixelCorrect: 1
  m_RichText: 1
--- !u!1 &1471152568
GameObject:
  m_ObjectHideFlags: 0
  m_PrefabParentObject: {fileID: 110624, guid: 90f46117507e4654f9d3a469bb4aa43e, type: 2}
  m_PrefabInternal: {fileID: 0}
  serializedVersion: 4
  m_Component:
  - 4: {fileID: 1471152569}
  - 33: {fileID: 1471152574}
  - 65: {fileID: 1471152573}
  - 23: {fileID: 1471152572}
  - 114: {fileID: 1471152571}
  - 114: {fileID: 1471152570}
  - 54: {fileID: 1471152575}
  m_Layer: 0
  m_Name: Pick Up
  m_TagString: Pick Up
  m_Icon: {fileID: 0}
  m_NavMeshLayer: 0
  m_StaticEditorFlags: 0
  m_IsActive: 1
--- !u!4 &1471152569
Transform:
  m_ObjectHideFlags: 0
  m_PrefabParentObject: {fileID: 410624, guid: 90f46117507e4654f9d3a469bb4aa43e, type: 2}
  m_PrefabInternal: {fileID: 0}
  m_GameObject: {fileID: 1471152568}
  m_LocalRotation: {x: .461939991, y: .191341996, z: .191341996, w: .844623029}
  m_LocalPosition: {x: -1.15999997, y: 1.69000006, z: 2.63000011}
  m_LocalScale: {x: .5, y: .49999997, z: .5}
  m_Children: []
  m_Father: {fileID: 1342657794}
  m_RootOrder: 8
--- !u!114 &1471152570
MonoBehaviour:
  m_ObjectHideFlags: 0
  m_PrefabParentObject: {fileID: 11410624, guid: 90f46117507e4654f9d3a469bb4aa43e,
    type: 2}
  m_PrefabInternal: {fileID: 0}
  m_GameObject: {fileID: 1471152568}
  m_Enabled: 1
  m_EditorHideFlags: 0
  m_Script: {fileID: 11500000, guid: 91948565575c7e04da683ed0db7a40e5, type: 3}
  m_Name: 
  m_EditorClassIdentifier: 
--- !u!114 &1471152571
MonoBehaviour:
  m_ObjectHideFlags: 0
  m_PrefabParentObject: {fileID: 11410626, guid: 90f46117507e4654f9d3a469bb4aa43e,
    type: 2}
  m_PrefabInternal: {fileID: 0}
  m_GameObject: {fileID: 1471152568}
  m_Enabled: 1
  m_EditorHideFlags: 0
  m_Script: {fileID: 11500000, guid: 3354e64a76600954f87c53b0b7fe29b9, type: 3}
  m_Name: 
  m_EditorClassIdentifier: 
--- !u!23 &1471152572
Renderer:
  m_ObjectHideFlags: 0
  m_PrefabParentObject: {fileID: 2310624, guid: 90f46117507e4654f9d3a469bb4aa43e,
    type: 2}
  m_PrefabInternal: {fileID: 0}
  m_GameObject: {fileID: 1471152568}
  m_Enabled: 1
  m_CastShadows: 1
  m_ReceiveShadows: 1
  m_LightmapIndex: 255
  m_LightmapTilingOffset: {x: 1, y: 1, z: 0, w: 0}
  m_Materials:
  - {fileID: 10302, guid: 0000000000000000f000000000000000, type: 0}
  m_SubsetIndices: 
  m_StaticBatchRoot: {fileID: 0}
  m_UseLightProbes: 0
  m_LightProbeAnchor: {fileID: 0}
  m_ScaleInLightmap: 1
  m_SortingLayerID: 0
  m_SortingOrder: 0
--- !u!65 &1471152573
BoxCollider:
  m_ObjectHideFlags: 0
  m_PrefabParentObject: {fileID: 6510624, guid: 90f46117507e4654f9d3a469bb4aa43e,
    type: 2}
  m_PrefabInternal: {fileID: 0}
  m_GameObject: {fileID: 1471152568}
  m_Material: {fileID: 0}
  m_IsTrigger: 1
  m_Enabled: 1
  serializedVersion: 2
  m_Size: {x: 1, y: 1, z: 1}
  m_Center: {x: 0, y: 0, z: 0}
--- !u!33 &1471152574
MeshFilter:
  m_ObjectHideFlags: 0
  m_PrefabParentObject: {fileID: 3310624, guid: 90f46117507e4654f9d3a469bb4aa43e,
    type: 2}
  m_PrefabInternal: {fileID: 0}
  m_GameObject: {fileID: 1471152568}
  m_Mesh: {fileID: 10202, guid: 0000000000000000e000000000000000, type: 0}
--- !u!54 &1471152575
Rigidbody:
  m_ObjectHideFlags: 0
  m_PrefabParentObject: {fileID: 0}
  m_PrefabInternal: {fileID: 0}
  m_GameObject: {fileID: 1471152568}
  serializedVersion: 2
  m_Mass: 1
  m_Drag: 0
  m_AngularDrag: .0500000007
  m_UseGravity: 1
  m_IsKinematic: 1
  m_Interpolate: 0
  m_Constraints: 0
  m_CollisionDetection: 0
--- !u!1 &1577294399
GameObject:
  m_ObjectHideFlags: 0
  m_PrefabParentObject: {fileID: 0}
  m_PrefabInternal: {fileID: 0}
  serializedVersion: 4
  m_Component:
  - 4: {fileID: 1577294400}
  - 33: {fileID: 1577294403}
  - 65: {fileID: 1577294402}
  - 23: {fileID: 1577294401}
  m_Layer: 0
  m_Name: northWall
  m_TagString: Untagged
  m_Icon: {fileID: 0}
  m_NavMeshLayer: 0
  m_StaticEditorFlags: 0
  m_IsActive: 1
--- !u!4 &1577294400
Transform:
  m_ObjectHideFlags: 0
  m_PrefabParentObject: {fileID: 0}
  m_PrefabInternal: {fileID: 0}
  m_GameObject: {fileID: 1577294399}
  m_LocalRotation: {x: 0, y: .707106829, z: 0, w: .707106829}
  m_LocalPosition: {x: -4.25999975, y: 0, z: 12.2299995}
  m_LocalScale: {x: .5, y: 1, z: 20}
  m_Children: []
  m_Father: {fileID: 1855253867}
  m_RootOrder: 3
--- !u!23 &1577294401
Renderer:
  m_ObjectHideFlags: 0
  m_PrefabParentObject: {fileID: 0}
  m_PrefabInternal: {fileID: 0}
  m_GameObject: {fileID: 1577294399}
  m_Enabled: 1
  m_CastShadows: 1
  m_ReceiveShadows: 1
  m_LightmapIndex: 255
  m_LightmapTilingOffset: {x: 1, y: 1, z: 0, w: 0}
  m_Materials:
  - {fileID: 10302, guid: 0000000000000000f000000000000000, type: 0}
  m_SubsetIndices: 
  m_StaticBatchRoot: {fileID: 0}
  m_UseLightProbes: 0
  m_LightProbeAnchor: {fileID: 0}
  m_ScaleInLightmap: 1
  m_SortingLayerID: 0
  m_SortingOrder: 0
--- !u!65 &1577294402
BoxCollider:
  m_ObjectHideFlags: 0
  m_PrefabParentObject: {fileID: 0}
  m_PrefabInternal: {fileID: 0}
  m_GameObject: {fileID: 1577294399}
  m_Material: {fileID: 0}
  m_IsTrigger: 0
  m_Enabled: 1
  serializedVersion: 2
  m_Size: {x: 1, y: 1, z: 1}
  m_Center: {x: 0, y: 0, z: 0}
--- !u!33 &1577294403
MeshFilter:
  m_ObjectHideFlags: 0
  m_PrefabParentObject: {fileID: 0}
  m_PrefabInternal: {fileID: 0}
  m_GameObject: {fileID: 1577294399}
  m_Mesh: {fileID: 10202, guid: 0000000000000000e000000000000000, type: 0}
--- !u!1 &1743795885
GameObject:
  m_ObjectHideFlags: 0
  m_PrefabParentObject: {fileID: 110624, guid: 90f46117507e4654f9d3a469bb4aa43e, type: 2}
  m_PrefabInternal: {fileID: 0}
  serializedVersion: 4
  m_Component:
  - 4: {fileID: 1743795886}
  - 33: {fileID: 1743795891}
  - 65: {fileID: 1743795890}
  - 23: {fileID: 1743795889}
  - 114: {fileID: 1743795888}
  - 114: {fileID: 1743795887}
  - 54: {fileID: 1743795892}
  m_Layer: 0
  m_Name: Pick Up
  m_TagString: Pick Up
  m_Icon: {fileID: 0}
  m_NavMeshLayer: 0
  m_StaticEditorFlags: 0
  m_IsActive: 1
--- !u!4 &1743795886
Transform:
  m_ObjectHideFlags: 0
  m_PrefabParentObject: {fileID: 410624, guid: 90f46117507e4654f9d3a469bb4aa43e, type: 2}
  m_PrefabInternal: {fileID: 0}
  m_GameObject: {fileID: 1743795885}
  m_LocalRotation: {x: .461939991, y: .191341996, z: .191341996, w: .844623029}
  m_LocalPosition: {x: 2.49000001, y: 1.69000006, z: -1.95000005}
  m_LocalScale: {x: .5, y: .499999911, z: .5}
  m_Children: []
  m_Father: {fileID: 1342657794}
  m_RootOrder: 5
--- !u!114 &1743795887
MonoBehaviour:
  m_ObjectHideFlags: 0
  m_PrefabParentObject: {fileID: 11410624, guid: 90f46117507e4654f9d3a469bb4aa43e,
    type: 2}
  m_PrefabInternal: {fileID: 0}
  m_GameObject: {fileID: 1743795885}
  m_Enabled: 1
  m_EditorHideFlags: 0
  m_Script: {fileID: 11500000, guid: 91948565575c7e04da683ed0db7a40e5, type: 3}
  m_Name: 
  m_EditorClassIdentifier: 
--- !u!114 &1743795888
MonoBehaviour:
  m_ObjectHideFlags: 0
  m_PrefabParentObject: {fileID: 11410626, guid: 90f46117507e4654f9d3a469bb4aa43e,
    type: 2}
  m_PrefabInternal: {fileID: 0}
  m_GameObject: {fileID: 1743795885}
  m_Enabled: 1
  m_EditorHideFlags: 0
  m_Script: {fileID: 11500000, guid: 3354e64a76600954f87c53b0b7fe29b9, type: 3}
  m_Name: 
  m_EditorClassIdentifier: 
--- !u!23 &1743795889
Renderer:
  m_ObjectHideFlags: 0
  m_PrefabParentObject: {fileID: 2310624, guid: 90f46117507e4654f9d3a469bb4aa43e,
    type: 2}
  m_PrefabInternal: {fileID: 0}
  m_GameObject: {fileID: 1743795885}
  m_Enabled: 1
  m_CastShadows: 1
  m_ReceiveShadows: 1
  m_LightmapIndex: 255
  m_LightmapTilingOffset: {x: 1, y: 1, z: 0, w: 0}
  m_Materials:
  - {fileID: 10302, guid: 0000000000000000f000000000000000, type: 0}
  m_SubsetIndices: 
  m_StaticBatchRoot: {fileID: 0}
  m_UseLightProbes: 0
  m_LightProbeAnchor: {fileID: 0}
  m_ScaleInLightmap: 1
  m_SortingLayerID: 0
  m_SortingOrder: 0
--- !u!65 &1743795890
BoxCollider:
  m_ObjectHideFlags: 0
  m_PrefabParentObject: {fileID: 6510624, guid: 90f46117507e4654f9d3a469bb4aa43e,
    type: 2}
  m_PrefabInternal: {fileID: 0}
  m_GameObject: {fileID: 1743795885}
  m_Material: {fileID: 0}
  m_IsTrigger: 1
  m_Enabled: 1
  serializedVersion: 2
  m_Size: {x: 1, y: 1, z: 1}
  m_Center: {x: 0, y: 0, z: 0}
--- !u!33 &1743795891
MeshFilter:
  m_ObjectHideFlags: 0
  m_PrefabParentObject: {fileID: 3310624, guid: 90f46117507e4654f9d3a469bb4aa43e,
    type: 2}
  m_PrefabInternal: {fileID: 0}
  m_GameObject: {fileID: 1743795885}
  m_Mesh: {fileID: 10202, guid: 0000000000000000e000000000000000, type: 0}
--- !u!54 &1743795892
Rigidbody:
  m_ObjectHideFlags: 0
  m_PrefabParentObject: {fileID: 0}
  m_PrefabInternal: {fileID: 0}
  m_GameObject: {fileID: 1743795885}
  serializedVersion: 2
  m_Mass: 1
  m_Drag: 0
  m_AngularDrag: .0500000007
  m_UseGravity: 1
  m_IsKinematic: 1
  m_Interpolate: 0
  m_Constraints: 0
  m_CollisionDetection: 0
--- !u!1 &1784541404
GameObject:
  m_ObjectHideFlags: 0
  m_PrefabParentObject: {fileID: 110624, guid: 90f46117507e4654f9d3a469bb4aa43e, type: 2}
  m_PrefabInternal: {fileID: 0}
  serializedVersion: 4
  m_Component:
  - 4: {fileID: 1784541405}
  - 33: {fileID: 1784541410}
  - 65: {fileID: 1784541409}
  - 23: {fileID: 1784541408}
  - 114: {fileID: 1784541407}
  - 114: {fileID: 1784541406}
  - 54: {fileID: 1784541411}
  m_Layer: 0
  m_Name: Pick Up
  m_TagString: Pick Up
  m_Icon: {fileID: 0}
  m_NavMeshLayer: 0
  m_StaticEditorFlags: 0
  m_IsActive: 1
--- !u!4 &1784541405
Transform:
  m_ObjectHideFlags: 0
  m_PrefabParentObject: {fileID: 410624, guid: 90f46117507e4654f9d3a469bb4aa43e, type: 2}
  m_PrefabInternal: {fileID: 0}
  m_GameObject: {fileID: 1784541404}
  m_LocalRotation: {x: .461939991, y: .191341996, z: .191341996, w: .844623029}
  m_LocalPosition: {x: -2.81999993, y: 1.69000006, z: -1.98000002}
  m_LocalScale: {x: .5, y: .49999997, z: .5}
  m_Children: []
  m_Father: {fileID: 1342657794}
  m_RootOrder: 3
--- !u!114 &1784541406
MonoBehaviour:
  m_ObjectHideFlags: 0
  m_PrefabParentObject: {fileID: 11410624, guid: 90f46117507e4654f9d3a469bb4aa43e,
    type: 2}
  m_PrefabInternal: {fileID: 0}
  m_GameObject: {fileID: 1784541404}
  m_Enabled: 1
  m_EditorHideFlags: 0
  m_Script: {fileID: 11500000, guid: 91948565575c7e04da683ed0db7a40e5, type: 3}
  m_Name: 
  m_EditorClassIdentifier: 
--- !u!114 &1784541407
MonoBehaviour:
  m_ObjectHideFlags: 0
  m_PrefabParentObject: {fileID: 11410626, guid: 90f46117507e4654f9d3a469bb4aa43e,
    type: 2}
  m_PrefabInternal: {fileID: 0}
  m_GameObject: {fileID: 1784541404}
  m_Enabled: 1
  m_EditorHideFlags: 0
  m_Script: {fileID: 11500000, guid: 3354e64a76600954f87c53b0b7fe29b9, type: 3}
  m_Name: 
  m_EditorClassIdentifier: 
--- !u!23 &1784541408
Renderer:
  m_ObjectHideFlags: 0
  m_PrefabParentObject: {fileID: 2310624, guid: 90f46117507e4654f9d3a469bb4aa43e,
    type: 2}
  m_PrefabInternal: {fileID: 0}
  m_GameObject: {fileID: 1784541404}
  m_Enabled: 1
  m_CastShadows: 1
  m_ReceiveShadows: 1
  m_LightmapIndex: 255
  m_LightmapTilingOffset: {x: 1, y: 1, z: 0, w: 0}
  m_Materials:
  - {fileID: 10302, guid: 0000000000000000f000000000000000, type: 0}
  m_SubsetIndices: 
  m_StaticBatchRoot: {fileID: 0}
  m_UseLightProbes: 0
  m_LightProbeAnchor: {fileID: 0}
  m_ScaleInLightmap: 1
  m_SortingLayerID: 0
  m_SortingOrder: 0
--- !u!65 &1784541409
BoxCollider:
  m_ObjectHideFlags: 0
  m_PrefabParentObject: {fileID: 6510624, guid: 90f46117507e4654f9d3a469bb4aa43e,
    type: 2}
  m_PrefabInternal: {fileID: 0}
  m_GameObject: {fileID: 1784541404}
  m_Material: {fileID: 0}
  m_IsTrigger: 1
  m_Enabled: 1
  serializedVersion: 2
  m_Size: {x: 1, y: 1, z: 1}
  m_Center: {x: 0, y: 0, z: 0}
--- !u!33 &1784541410
MeshFilter:
  m_ObjectHideFlags: 0
  m_PrefabParentObject: {fileID: 3310624, guid: 90f46117507e4654f9d3a469bb4aa43e,
    type: 2}
  m_PrefabInternal: {fileID: 0}
  m_GameObject: {fileID: 1784541404}
  m_Mesh: {fileID: 10202, guid: 0000000000000000e000000000000000, type: 0}
--- !u!54 &1784541411
Rigidbody:
  m_ObjectHideFlags: 0
  m_PrefabParentObject: {fileID: 0}
  m_PrefabInternal: {fileID: 0}
  m_GameObject: {fileID: 1784541404}
  serializedVersion: 2
  m_Mass: 1
  m_Drag: 0
  m_AngularDrag: .0500000007
  m_UseGravity: 1
  m_IsKinematic: 1
  m_Interpolate: 0
  m_Constraints: 0
  m_CollisionDetection: 0
--- !u!1 &1855253866
GameObject:
  m_ObjectHideFlags: 0
  m_PrefabParentObject: {fileID: 0}
  m_PrefabInternal: {fileID: 0}
  serializedVersion: 4
  m_Component:
  - 4: {fileID: 1855253867}
  m_Layer: 0
  m_Name: Walls
  m_TagString: Untagged
  m_Icon: {fileID: 0}
  m_NavMeshLayer: 0
  m_StaticEditorFlags: 0
  m_IsActive: 1
--- !u!4 &1855253867
Transform:
  m_ObjectHideFlags: 0
  m_PrefabParentObject: {fileID: 0}
  m_PrefabInternal: {fileID: 0}
  m_GameObject: {fileID: 1855253866}
  m_LocalRotation: {x: 0, y: 0, z: 0, w: 1}
  m_LocalPosition: {x: 4.20903683, y: .5, z: -2.15864849}
  m_LocalScale: {x: 1, y: 1, z: 1}
  m_Children:
  - {fileID: 314334917}
  - {fileID: 836752726}
  - {fileID: 698270032}
  - {fileID: 1577294400}
  m_Father: {fileID: 0}
  m_RootOrder: 4
--- !u!1 &1966459749
GameObject:
  m_ObjectHideFlags: 0
  m_PrefabParentObject: {fileID: 110624, guid: 90f46117507e4654f9d3a469bb4aa43e, type: 2}
  m_PrefabInternal: {fileID: 0}
  serializedVersion: 4
  m_Component:
  - 4: {fileID: 1966459750}
  - 33: {fileID: 1966459755}
  - 65: {fileID: 1966459754}
  - 23: {fileID: 1966459753}
  - 114: {fileID: 1966459752}
  - 114: {fileID: 1966459751}
  - 54: {fileID: 1966459756}
  m_Layer: 0
  m_Name: Pick Up
  m_TagString: Pick Up
  m_Icon: {fileID: 0}
  m_NavMeshLayer: 0
  m_StaticEditorFlags: 0
  m_IsActive: 1
--- !u!4 &1966459750
Transform:
  m_ObjectHideFlags: 0
  m_PrefabParentObject: {fileID: 410624, guid: 90f46117507e4654f9d3a469bb4aa43e, type: 2}
  m_PrefabInternal: {fileID: 0}
  m_GameObject: {fileID: 1966459749}
  m_LocalRotation: {x: .461939991, y: .191341996, z: .191341996, w: .844623029}
  m_LocalPosition: {x: .0299999993, y: 1.69000006, z: -2.55999994}
  m_LocalScale: {x: .5, y: .49999997, z: .5}
  m_Children: []
  m_Father: {fileID: 1342657794}
  m_RootOrder: 4
--- !u!114 &1966459751
MonoBehaviour:
  m_ObjectHideFlags: 0
  m_PrefabParentObject: {fileID: 11410624, guid: 90f46117507e4654f9d3a469bb4aa43e,
    type: 2}
  m_PrefabInternal: {fileID: 0}
  m_GameObject: {fileID: 1966459749}
  m_Enabled: 1
  m_EditorHideFlags: 0
  m_Script: {fileID: 11500000, guid: 91948565575c7e04da683ed0db7a40e5, type: 3}
  m_Name: 
  m_EditorClassIdentifier: 
--- !u!114 &1966459752
MonoBehaviour:
  m_ObjectHideFlags: 0
  m_PrefabParentObject: {fileID: 11410626, guid: 90f46117507e4654f9d3a469bb4aa43e,
    type: 2}
  m_PrefabInternal: {fileID: 0}
  m_GameObject: {fileID: 1966459749}
  m_Enabled: 1
  m_EditorHideFlags: 0
  m_Script: {fileID: 11500000, guid: 3354e64a76600954f87c53b0b7fe29b9, type: 3}
  m_Name: 
  m_EditorClassIdentifier: 
--- !u!23 &1966459753
Renderer:
  m_ObjectHideFlags: 0
  m_PrefabParentObject: {fileID: 2310624, guid: 90f46117507e4654f9d3a469bb4aa43e,
    type: 2}
  m_PrefabInternal: {fileID: 0}
  m_GameObject: {fileID: 1966459749}
  m_Enabled: 1
  m_CastShadows: 1
  m_ReceiveShadows: 1
  m_LightmapIndex: 255
  m_LightmapTilingOffset: {x: 1, y: 1, z: 0, w: 0}
  m_Materials:
  - {fileID: 10302, guid: 0000000000000000f000000000000000, type: 0}
  m_SubsetIndices: 
  m_StaticBatchRoot: {fileID: 0}
  m_UseLightProbes: 0
  m_LightProbeAnchor: {fileID: 0}
  m_ScaleInLightmap: 1
  m_SortingLayerID: 0
  m_SortingOrder: 0
--- !u!65 &1966459754
BoxCollider:
  m_ObjectHideFlags: 0
  m_PrefabParentObject: {fileID: 6510624, guid: 90f46117507e4654f9d3a469bb4aa43e,
    type: 2}
  m_PrefabInternal: {fileID: 0}
  m_GameObject: {fileID: 1966459749}
  m_Material: {fileID: 0}
  m_IsTrigger: 1
  m_Enabled: 1
  serializedVersion: 2
  m_Size: {x: 1, y: 1, z: 1}
  m_Center: {x: 0, y: 0, z: 0}
--- !u!33 &1966459755
MeshFilter:
  m_ObjectHideFlags: 0
  m_PrefabParentObject: {fileID: 3310624, guid: 90f46117507e4654f9d3a469bb4aa43e,
    type: 2}
  m_PrefabInternal: {fileID: 0}
  m_GameObject: {fileID: 1966459749}
  m_Mesh: {fileID: 10202, guid: 0000000000000000e000000000000000, type: 0}
--- !u!54 &1966459756
Rigidbody:
  m_ObjectHideFlags: 0
  m_PrefabParentObject: {fileID: 0}
  m_PrefabInternal: {fileID: 0}
  m_GameObject: {fileID: 1966459749}
  serializedVersion: 2
  m_Mass: 1
  m_Drag: 0
  m_AngularDrag: .0500000007
  m_UseGravity: 1
  m_IsKinematic: 1
  m_Interpolate: 0
  m_Constraints: 0
  m_CollisionDetection: 0
--- !u!1 &2003211738
GameObject:
  m_ObjectHideFlags: 0
  m_PrefabParentObject: {fileID: 110624, guid: 90f46117507e4654f9d3a469bb4aa43e, type: 2}
  m_PrefabInternal: {fileID: 0}
  serializedVersion: 4
  m_Component:
  - 4: {fileID: 2003211739}
  - 33: {fileID: 2003211744}
  - 65: {fileID: 2003211743}
  - 23: {fileID: 2003211742}
  - 114: {fileID: 2003211741}
  - 114: {fileID: 2003211740}
  - 54: {fileID: 2003211745}
  m_Layer: 0
  m_Name: Pick Up
  m_TagString: Pick Up
  m_Icon: {fileID: 0}
  m_NavMeshLayer: 0
  m_StaticEditorFlags: 0
  m_IsActive: 1
--- !u!4 &2003211739
Transform:
  m_ObjectHideFlags: 0
  m_PrefabParentObject: {fileID: 410624, guid: 90f46117507e4654f9d3a469bb4aa43e, type: 2}
  m_PrefabInternal: {fileID: 0}
  m_GameObject: {fileID: 2003211738}
  m_LocalRotation: {x: .461939991, y: .191341996, z: .191341996, w: .844623029}
  m_LocalPosition: {x: -2.63000011, y: 1.69000006, z: 2.07999992}
  m_LocalScale: {x: .5, y: .49999997, z: .5}
  m_Children: []
  m_Father: {fileID: 1342657794}
  m_RootOrder: 1
--- !u!114 &2003211740
MonoBehaviour:
  m_ObjectHideFlags: 0
  m_PrefabParentObject: {fileID: 11410624, guid: 90f46117507e4654f9d3a469bb4aa43e,
    type: 2}
  m_PrefabInternal: {fileID: 0}
  m_GameObject: {fileID: 2003211738}
  m_Enabled: 1
  m_EditorHideFlags: 0
  m_Script: {fileID: 11500000, guid: 91948565575c7e04da683ed0db7a40e5, type: 3}
  m_Name: 
  m_EditorClassIdentifier: 
--- !u!114 &2003211741
MonoBehaviour:
  m_ObjectHideFlags: 0
  m_PrefabParentObject: {fileID: 11410626, guid: 90f46117507e4654f9d3a469bb4aa43e,
    type: 2}
  m_PrefabInternal: {fileID: 0}
  m_GameObject: {fileID: 2003211738}
  m_Enabled: 1
  m_EditorHideFlags: 0
  m_Script: {fileID: 11500000, guid: 3354e64a76600954f87c53b0b7fe29b9, type: 3}
  m_Name: 
  m_EditorClassIdentifier: 
--- !u!23 &2003211742
Renderer:
  m_ObjectHideFlags: 0
  m_PrefabParentObject: {fileID: 2310624, guid: 90f46117507e4654f9d3a469bb4aa43e,
    type: 2}
  m_PrefabInternal: {fileID: 0}
  m_GameObject: {fileID: 2003211738}
  m_Enabled: 1
  m_CastShadows: 1
  m_ReceiveShadows: 1
  m_LightmapIndex: 255
  m_LightmapTilingOffset: {x: 1, y: 1, z: 0, w: 0}
  m_Materials:
  - {fileID: 10302, guid: 0000000000000000f000000000000000, type: 0}
  m_SubsetIndices: 
  m_StaticBatchRoot: {fileID: 0}
  m_UseLightProbes: 0
  m_LightProbeAnchor: {fileID: 0}
  m_ScaleInLightmap: 1
  m_SortingLayerID: 0
  m_SortingOrder: 0
--- !u!65 &2003211743
BoxCollider:
  m_ObjectHideFlags: 0
  m_PrefabParentObject: {fileID: 6510624, guid: 90f46117507e4654f9d3a469bb4aa43e,
    type: 2}
  m_PrefabInternal: {fileID: 0}
  m_GameObject: {fileID: 2003211738}
  m_Material: {fileID: 0}
  m_IsTrigger: 1
  m_Enabled: 1
  serializedVersion: 2
  m_Size: {x: 1, y: 1, z: 1}
  m_Center: {x: 0, y: 0, z: 0}
--- !u!33 &2003211744
MeshFilter:
  m_ObjectHideFlags: 0
  m_PrefabParentObject: {fileID: 3310624, guid: 90f46117507e4654f9d3a469bb4aa43e,
    type: 2}
  m_PrefabInternal: {fileID: 0}
  m_GameObject: {fileID: 2003211738}
  m_Mesh: {fileID: 10202, guid: 0000000000000000e000000000000000, type: 0}
--- !u!54 &2003211745
Rigidbody:
  m_ObjectHideFlags: 0
  m_PrefabParentObject: {fileID: 0}
  m_PrefabInternal: {fileID: 0}
  m_GameObject: {fileID: 2003211738}
  serializedVersion: 2
  m_Mass: 1
  m_Drag: 0
  m_AngularDrag: .0500000007
  m_UseGravity: 1
  m_IsKinematic: 1
  m_Interpolate: 0
  m_Constraints: 0
  m_CollisionDetection: 0
--- !u!1 &2081952998
GameObject:
  m_ObjectHideFlags: 0
  m_PrefabParentObject: {fileID: 110624, guid: 90f46117507e4654f9d3a469bb4aa43e, type: 2}
  m_PrefabInternal: {fileID: 0}
  serializedVersion: 4
  m_Component:
  - 4: {fileID: 2081953003}
  - 33: {fileID: 2081953002}
  - 65: {fileID: 2081953001}
  - 23: {fileID: 2081953000}
  - 114: {fileID: 2081952999}
  - 114: {fileID: 2081953004}
  - 54: {fileID: 2081953005}
  m_Layer: 0
  m_Name: Pick Up
  m_TagString: Pick Up
  m_Icon: {fileID: 0}
  m_NavMeshLayer: 0
  m_StaticEditorFlags: 0
  m_IsActive: 1
--- !u!114 &2081952999
MonoBehaviour:
  m_ObjectHideFlags: 0
  m_PrefabParentObject: {fileID: 11410626, guid: 90f46117507e4654f9d3a469bb4aa43e,
    type: 2}
  m_PrefabInternal: {fileID: 0}
  m_GameObject: {fileID: 2081952998}
  m_Enabled: 1
  m_EditorHideFlags: 0
  m_Script: {fileID: 11500000, guid: 3354e64a76600954f87c53b0b7fe29b9, type: 3}
  m_Name: 
  m_EditorClassIdentifier: 
--- !u!23 &2081953000
Renderer:
  m_ObjectHideFlags: 0
  m_PrefabParentObject: {fileID: 2310624, guid: 90f46117507e4654f9d3a469bb4aa43e,
    type: 2}
  m_PrefabInternal: {fileID: 0}
  m_GameObject: {fileID: 2081952998}
  m_Enabled: 1
  m_CastShadows: 1
  m_ReceiveShadows: 1
  m_LightmapIndex: 255
  m_LightmapTilingOffset: {x: 1, y: 1, z: 0, w: 0}
  m_Materials:
  - {fileID: 10302, guid: 0000000000000000f000000000000000, type: 0}
  m_SubsetIndices: 
  m_StaticBatchRoot: {fileID: 0}
  m_UseLightProbes: 0
  m_LightProbeAnchor: {fileID: 0}
  m_ScaleInLightmap: 1
  m_SortingLayerID: 0
  m_SortingOrder: 0
--- !u!65 &2081953001
BoxCollider:
  m_ObjectHideFlags: 0
  m_PrefabParentObject: {fileID: 6510624, guid: 90f46117507e4654f9d3a469bb4aa43e,
    type: 2}
  m_PrefabInternal: {fileID: 0}
  m_GameObject: {fileID: 2081952998}
  m_Material: {fileID: 0}
  m_IsTrigger: 1
  m_Enabled: 1
  serializedVersion: 2
  m_Size: {x: 1, y: 1, z: 1}
  m_Center: {x: 0, y: 0, z: 0}
--- !u!33 &2081953002
MeshFilter:
  m_ObjectHideFlags: 0
  m_PrefabParentObject: {fileID: 3310624, guid: 90f46117507e4654f9d3a469bb4aa43e,
    type: 2}
  m_PrefabInternal: {fileID: 0}
  m_GameObject: {fileID: 2081952998}
  m_Mesh: {fileID: 10202, guid: 0000000000000000e000000000000000, type: 0}
--- !u!4 &2081953003
Transform:
  m_ObjectHideFlags: 0
  m_PrefabParentObject: {fileID: 410624, guid: 90f46117507e4654f9d3a469bb4aa43e, type: 2}
  m_PrefabInternal: {fileID: 0}
  m_GameObject: {fileID: 2081952998}
  m_LocalRotation: {x: .461939812, y: .191341728, z: .191341728, w: .844623208}
  m_LocalPosition: {x: .189999998, y: 1.69000006, z: 3.32999992}
  m_LocalScale: {x: .5, y: .5, z: .499999911}
  m_Children: []
  m_Father: {fileID: 1342657794}
  m_RootOrder: 0
--- !u!114 &2081953004
MonoBehaviour:
  m_ObjectHideFlags: 0
  m_PrefabParentObject: {fileID: 11410624, guid: 90f46117507e4654f9d3a469bb4aa43e,
    type: 2}
  m_PrefabInternal: {fileID: 0}
  m_GameObject: {fileID: 2081952998}
  m_Enabled: 1
  m_EditorHideFlags: 0
  m_Script: {fileID: 11500000, guid: 91948565575c7e04da683ed0db7a40e5, type: 3}
  m_Name: 
  m_EditorClassIdentifier: 
--- !u!54 &2081953005
Rigidbody:
  m_ObjectHideFlags: 0
  m_PrefabParentObject: {fileID: 0}
  m_PrefabInternal: {fileID: 0}
  m_GameObject: {fileID: 2081952998}
  serializedVersion: 2
  m_Mass: 1
  m_Drag: 0
  m_AngularDrag: .0500000007
  m_UseGravity: 1
  m_IsKinematic: 1
  m_Interpolate: 0
  m_Constraints: 0
  m_CollisionDetection: 0
